@misc{BDORules,
    title={{B}RITISH {D}ARTS {O}RGANISATION
{P}LAYING {R}ULES
AND
{T}OURNAMENT {R}ULES},
    howpublished={Web pages: \url{https://www.bdodarts.com/images/bdo-content/doc-lib/B/bdo-playing-rules.pdf}},
    url={https://www.bdodarts.com/images/bdo-content/doc-lib/B/bdo-playing-rules.pdf/}
}

@mastersthesis{Pinhole_MSc,
author = {Forsman, Mona},
school = {Ume√• University},
year = {2011},
month = {01},
title = {Point cloud densification}
}